@article{Geweke,
author={John F. Geweke},
title={Bayesian reduced rank regression in econometrics},
year={1996},
month={11},
volume = {75},
journal = {Journal of Econometrics},
doi={10.1016/0304-4076(95)01773-9}
}
